<?xml version="1.0" encoding="UTF-8"?><record xmlns="http://www.loc.gov/MARC21/slim" xmlns:cinclude="http://apache.org/cocoon/include/1.0" xmlns:zs="http://www.loc.gov/zing/srw/">
  <leader>00404nz  a2200133n  4500</leader>
  <controlfield tag="001">no2006103819</controlfield>
  <controlfield tag="003">DLC</controlfield>
  <controlfield tag="005">20061001075109.0</controlfield>
  <controlfield tag="008">060912n| acannaabn          |n ana     c</controlfield>
  <datafield tag="010" ind1=" " ind2=" ">
    <subfield code="a">no2006103819</subfield>
  </datafield>
  <datafield tag="035" ind1=" " ind2=" ">
    <subfield code="a">(OCoLC)oca07066321</subfield>
  </datafield>
  <datafield tag="040" ind1=" " ind2=" ">
    <subfield code="a">OBgU-MA</subfield>
    <subfield code="b">eng</subfield>
    <subfield code="c">OBgU-MA</subfield>
  </datafield>
  <datafield tag="110" ind1="2" ind2=" ">
    <subfield code="a">Music Hall Symphony Orchestra</subfield>
  </datafield>
  <datafield tag="670" ind1=" " ind2=" ">
    <subfield code="a">Sullivan A. Gilbert &amp; Sullivan favorites [SR] 1955:</subfield>
    <subfield code="b">label (Music Hall Symphony Orchestra)</subfield>
  </datafield>
</record>